@online{DeltaCAD,
author={DeltaCAD},
title={Site d'entreprise},
url={http://ww1.deltacad.fr/index.php?lang=fr},
}

@online{DeltaCAD2,
author={Linkin DeltaCAD},
title={Site linkedin de Deltacad},
url={https://www.linkedin.com/company/deltacad/},
}

@online{DataBinding,
author={Microsoft},
title={Vue d'ensemble de la liaison de données (WPF.NET)},
url={https://learn.microsoft.com/en-us/dotnet/desktop/wpf/data/?view=netdesktop-7.0},
}

@online{ClosedXML,
author={ClosedXML},
title={Documentation ClosedXML},
url={https://docs.closedxml.io/en/latest/},
}

@online{AOP,
author={Alex Schunk},
title={AOP - Interception des méthodes et des propriétés en C#},
url={https://www.codeproject.com/Articles/1223461/AOP-Method-and-property-interception-in-Csharp#:~:text=Cauldron.Interception.Fody%20provides%20basic%20interceptors%20to%20intercept%20methods%2C%20properties,its%20feature-set%20is%20aimed%20towards%20eliminating%20boilerplate%20code.},
}

@online{python,
author={Python},
title={Documentation Python},
url={https://docs.python.org/},
}

